@article{DinaturalNumbers,
  title = "Dinatural numbers",
  journal = "Journal of Pure and Applied Algebra",
  volume = "128",
  number = "1",
  pages = "33 - 92",
  year = "1998",
  issn = "0022-4049",
  doi = "https://doi.org/10.1016/S0022-4049(97)00036-4",
  url = "http://www.sciencedirect.com/science/article/pii/S0022404997000364",
  author = "Robert Paré and Leopoldo Román"
}

@article{GeneralTransform,
  title = "A generalization of the functorial calculus",
  journal = "Journal of Algebra",
  volume = "3",
  number = "3",
  pages = "366 - 375",
  year = "1966",
  issn = "0021-8693",
  doi = "https://doi.org/10.1016/0021-8693(66)90006-8",
  url = "http://www.sciencedirect.com/science/article/pii/0021869366900068",
  author = "Samuel Eilenberg and G.M Kelly"
}

@article{LogicToDinaturality,
  title = "Linear logic, coherence and dinaturality",
  journal = "Theoretical Computer Science",
  volume = "115",
  number = "1",
  pages = "3 - 41",
  year = "1993",
  issn = "0304-3975",
  doi = "https://doi.org/10.1016/0304-3975(93)90053-V",
  url = "http://www.sciencedirect.com/science/article/pii/030439759390053V",
  author = "Richard Blute"
}

@InProceedings{ManyVariableFunctorialCalculus,
  author="Kelly, G. M.",
  editor="Kelly, G. M.
  and Laplaza, M.
  and Lewis, G.
  and Mac Lane, Saunders",
  title="Many-variable functorial calculus. I.",
  booktitle="Coherence in Categories",
  year="1972",
  publisher="Springer Berlin Heidelberg",
  address="Berlin, Heidelberg",
  pages="66--105",
  isbn="978-3-540-37958-4"
}
