@techreport{Diparametricity,
  title={{Parametricity and Mulry's strong dinaturality}},
  author={Eppendahl, Adam},
  year={1999},
  institution={Dept.of Computer Science, Queen Mary and Westfield College, London}
}

@article{MulryStrong,
  title={Strong monads, algebras and fixed points},
  author={Mulry, Philip S},
  journal={Applications of Categories in Computer Science},
  volume={177},
  pages={202--216},
  year={1992},
  publisher={Cambridge University Press}
}

@inproceedings{MLPP,
  title     = "A Logic for Computable Functions with Reflexive and Polymorphic Types",
  keywords  = "rcb-bibfile",
  author    = "R. Milner and L. Morris and M. Newey",
  year      = "1975",
  language  = "English",
  pages     = "371--394",
  booktitle = "Proceedings of the Conference on Proving and Improving Programs",
  publisher = "IRIA-Laboria",
}

