@phdthesis{CanonicalDinatural,
  title={Dinatural transformations and polymorphic operators},
  author={Smith, Cameron C},
  year={1989},
  publisher={University of Illinois at Chicago},
  school={University of Illinois at Chicago}
}

@InProceedings{DinaturalCompose,
  author =	{Guy McCusker and Alessio Santamaria},
  title =	{{On Compositionality of Dinatural Transformations}},
  booktitle =	{27th EACSL Annual Conference on Computer Science Logic  (CSL 2018)},
  pages =	{33:1--33:22},
  series =	{Leibniz International Proceedings in Informatics (LIPIcs)},
  ISBN =	{978-3-95977-088-0},
  ISSN =	{1868-8969},
  year =	{2018},
  volume =	{119},
  editor =	{Dan Ghica and Achim Jung},
  publisher =	{Schloss Dagstuhl--Leibniz-Zentrum fuer Informatik},
  address =	{Dagstuhl, Germany},
  URL =		{http://drops.dagstuhl.de/opus/volltexte/2018/9700},
  URN =		{urn:nbn:de:0030-drops-97006},
  doi =		{10.4230/LIPIcs.CSL.2018.33},
  annote =	{Keywords: Dinatural transformation, categorical logic, compositionality}
}

@article{DinaturalityInPERS,
  title={Dinaturality for free},
  author={Freyd, Peter J and Robinson, Edmund P and Rosolini, Giuseppe},
  journal={Applications of Categories in Computer Science},
  volume={177},
  pages={107--118},
  year={1992},
  publisher={Cambridge Univ. Press Cambridge}
}

@article{FunctorialPolymorphism,
  title = "Functorial polymorphism",
  journal = "Theoretical Computer Science",
  volume = "70",
  number = "1",
  pages = "35 - 64",
  year = "1990",
  note = "Special Issue Fourth Workshop on Mathematical Foundations of Programming   Semantics, Boulder, CO, May 1988",
  issn = "0304-3975",
  doi = "https://doi.org/10.1016/0304-3975(90)90151-7",
  url = "http://www.sciencedirect.com/science/article/pii/0304397590901517",
  author = "E.S. Bainbridge and P.J. Freyd and A. Scedrov and P.J. Scott"
}

@article{StructuralPolymorphism,
  title={Structural polymorphism},
  author={Freyd, Peter J.},
  journal={Theor. Comput. Sci.},
  volume={115},
  number={1},
  pages={107--129},
  year={1993}
}
