@phdthesis{Petri,
  author = {{Carl Adam Petri}},
  title = {{Kommunikation mit Automaten}},
  school = {Universit√§t Hamburg},
  year = {1962},
  address = {},
  language = {ger},
}

@article{PetriNetAlgorithm,
  author = {Mayr, E.},
  title = {{An Algorithm for the General Petri Net Reachability Problem}},
  journal = {SIAM Journal on Computing},
  volume = {13},
  number = {3},
  pages = {441-460},
  year = {1984},
  doi = {10.1137/0213029},
  URL = {https://doi.org/10.1137/0213029},
  eprint = {https://doi.org/10.1137/0213029}
}

@article{PetriNetToLinear,
  title={From {Petri} nets to linear logic},
  author={Mart{\'\i}-Oliet, Narciso and Meseguer, Jos{\'e}},
  journal={Mathematical Structures in Computer Science},
  volume={1},
  number={1},
  pages={69--101},
  year={1991},
  publisher={Cambridge University Press}
}

@article{ReachibilityConditions,
  title={{A class of Petri nets that a necessary and sufficient condition for reachability is obtainable}},
  author={Hiraishi, Kunihiko and Ichikawa, Atsunobu},
  journal={Transactions of the Society of Instrument and Control Engineers},
  volume={24},
  number={6},
  pages={635--640},
  year={1988},
  publisher={The Society of Instrument and Control Engineers}
}

@article{ReachabilityEXPSPACE,
  title={The reachability problem requires exponential space},
  author={Lipton, Richard},
  journal={Department of Computer Science. Yale University},
  volume={62},
  year={1976}
}

@article{ReachibilityNotElementary,
  title={{The Reachability Problem for Petri Nets is Not Elementary}},
  author={Czerwinski, Wojciech and Lasota, Slawomir and Lazic, Ranko and Leroux, Jerome and Mazowiecki, Filip},
  journal={arXiv preprint arXiv:1809.07115},
  year={2018}
}

@inproceedings{ReachabilityUPPER,
title={Demystifying reachability in vector addition systems},
author={Leroux, J{\'e}r{\^o}me and Schmitz, Sylvain},
booktitle={Logic in Computer Science (LICS), 2015 30th Annual ACM/IEEE Symposium on},
pages={56--67},
year={2015},
organization={IEEE}
}
