@phdthesis{GirardFOmega,
  title={Interpr{\'e}tation fonctionelle et {\'e}limination des coupures de l’arithm{\'e}tique d’ordre sup{\'e}rieur},
  author={Girard, Jean-Yves},
  year={1972},
  school={PhD thesis, Universit{\'e} Paris VII}
}

@article{Hindley,
  title={The principal type-scheme of an object in combinatory logic},
  author={Hindley, Roger},
  journal={Transactions of the american mathematical society},
  volume={146},
  pages={29--60},
  year={1969},
  publisher={JSTOR}
}

@article{Milner,
  title={A theory of type polymorphism in programming},
  author={Milner, Robin},
  journal={Journal of computer and system sciences},
  volume={17},
  number={3},
  pages={348--375},
  year={1978},
  publisher={Elsevier}
}


@article{SystemFInference,
  title={{Typability and type checking in System F are equivalent and undecidable}},
  author={Wells, Joe B},
  journal={Annals of Pure and Applied Logic},
  volume={98},
  number={1-3},
  pages={111--156},
  year={1999},
  publisher={Elsevier}
}
