@article{CurryHoward,
  title={The formulae-as-types notion of construction},
  author={Howard, William A},
  journal={To HB Curry: essays on combinatory logic, lambda calculus and formalism},
  volume={44},
  pages={479--490},
  year={1980}
}

@article{CutFree,
 ISSN = {00030481},
 URL = {http://www.jstor.org/stable/20009142},
 author = {Gerhard Gentzen},
 journal = {American Philosophical Quarterly},
 number = {4},
 pages = {249--287},
 publisher = {[North American Philosophical Publications, University of Illinois Press]},
 title = {{Investigations into Logical Deduction}},
 volume = {1},
 year = {1964}
}

@inproceedings{Deforestation,
  title={A short cut to deforestation},
  author={Gill, Andrew and Launchbury, John and Jones, Simon L Peyton},
  booktitle={FPCA},
  volume={93},
  pages={223--232},
  year={1993},
  organization={Citeseer}
}

@inproceedings{DinaturalInSystemF,
  author={J. de. Lataillade},
  booktitle={2009 24th Annual IEEE Symposium on Logic In Computer Science},
  title={{Dinatural Terms in System F}},
  year={2009},
  volume={},
  number={},
  pages={267-276},
  keywords={game theory;lambda calculus;dinaturality diagram;Church-style system F;Curry-  style system F;game semantics;lambda calculus;Logic;Computer science;Calculus;Character generation;Power engineering and energy;Dinaturality;Second-order logic;Game semantics;Parametricity},
  doi={10.1109/LICS.2009.30},
  ISSN={1043-6871},
  month={Aug}
}

@article{FreeImprovements,
  title={Improvements for free},
  author={Seidel, Daniel and Voigtl{\"a}nder, Janis},
  journal={arXiv preprint arXiv:1107.1203},
  year={2011}
}

@inproceedings{FreeTheorems,
  author = {Wadler, Philip},
  title = {{Theorems for Free!}},
  booktitle = {Proceedings of the Fourth International Conference on Functional Programming   Languages and Computer Architecture},
  series = {FPCA '89},
  year = {1989},
  isbn = {0-89791-328-0},
  location = {Imperial College, London, United Kingdom},
  pages = {347--359},
  numpages = {13},
  url = {http://doi.acm.org/10.1145/99370.99404},
  doi = {10.1145/99370.99404},
  acmid = {99404},
  publisher = {ACM},
  address = {New York, NY, USA},
}

@inproceedings{GirardPolyLambda,
  title={{Une extension de l'interpretation de Godel a l'analyse et son application a l'elimination des coupures dans l'analyse et la theorie des types}},
  author={Girard, J-Y},
  booktitle={Proc. 2nd Scandinavian Logic Symp.},
  pages={63--92},
  year={1971},
  organization={North-Holland}
}

@article{LambekCorrespondence,
  issn = {0025-5661},
  journal = {Mathematical systems theory},
  pages = {287--318},
  volume = {2},
  publisher = {Springer-Verlag},
  number = {4},
  year = {1968},
  title = {Deductive systems and categories},
  language = {eng},
  address = {New York},
  author = {Lambek, Joachim},
}

@InProceedings{LambekCorrespondence2,
  author="Lambek, Joachim",
  editor="Hilton, Peter J.",
  title="Deductive systems and categories {II}. Standard constructions and closed categories",
  booktitle="Category Theory, Homology Theory and their Applications I",
  year="1969",
  publisher="Springer Berlin Heidelberg",
  address="Berlin, Heidelberg",
  pages="76--122",
  isbn="978-3-540-36095-7"
}

@InProceedings{LambekCorrespondence3,
  author="Lambek, Joachim",
  editor="Lawvere, F. W.",
  title="Deductive systems and categories {III}. Cartesian closed categories, intuitionist propositional calculus, and combinatory logic",
  booktitle="Toposes, Algebraic Geometry and Logic",
  year="1972",
  publisher="Springer Berlin Heidelberg",
  address="Berlin, Heidelberg",
  pages="57--82",
  isbn="978-3-540-37609-5"
}

@article{LawvereCorrespondence,
  author={Lawvere, F. William},
  title={{Adjointness in Foundations}},
  journal={Dialectica},
  volume={23},
  number={3‚Äê4},
  pages={281-296},
  doi={10.1111/j.1746-8361.1969.tb01194.x},
  url={https://onlinelibrary.wiley.com/doi/abs/10.1111/j.1746-8361.1969.tb01194.x},
  eprint={https://onlinelibrary.wiley.com/doi/pdf/10.1111/j.1746-8361.1969.tb01194.x},
  year={1969}
}

@InProceedings{NaturalAsNormalForms,
  author="Girard, Jean-Yves and Scedrov, Andre and Scott, Philip J.",
  editor="Moschovakis, Yiannis N.",
  title="{Normal Forms and Cut-Free Proofs as Natural Transformations}",
  booktitle="Logic from Computer Science",
  year="1992",
  publisher="Springer New York",
  address="New York, NY",
  pages="217--241",
  isbn="978-1-4612-2822-6"
}

@article{OperationalImprovement,
  title={Parametric polymorphism and operational improvement},
  author={Hackett, Jennifer and Hutton, Graham},
  journal={Proceedings of the ACM on Programming Languages},
  volume={2},
  number={ICFP},
  pages={68},
  year={2018},
  publisher={ACM}
}

@inproceedings{ReynoldsAbstraction1,
  author = {Reynolds, John C.},
  booktitle = {IFIP Congress},
  citeulike-article-id = {5457623},
  citeulike-linkout-0 = {ftp://ftp.cs.cmu.edu/user/jcr/typesabpara.pdf},
  citeulike-linkout-1 = {http://dblp.uni-trier.de/rec/bibtex/conf/ifip/Reynolds83},
  keywords = {classic-papers-fall09, rg-2005, rg-2009},
  pages = {513--523},
  posted-at = {2009-08-18 07:12:47},
  priority = {2},
  title = {{Types, Abstraction and Parametric Polymorphism}},
  url = {ftp://ftp.cs.cmu.edu/user/jcr/typesabpara.pdf},
  year = {1983}
}

@InProceedings{ReynoldsAbstraction2,
  author="Ma, QingMing and Reynolds, John C.",
  editor="Brookes, Stephen and Main, Michael and Melton, Austin and Mislove, Michael and Schmidt, David",
  title="{Types, abstraction, and parametric polymorphism, part 2}",
  booktitle="Mathematical Foundations of Programming Semantics",
  year="1992",
  publisher="Springer Berlin Heidelberg",
  address="Berlin, Heidelberg",
  pages="1--40",
  isbn="978-3-540-47194-3"
}

@inproceedings{ReynoldsPolyLambda,
  title={{Towards a theory of type structure}},
  author={Reynolds, John C},
  booktitle={Programming Symposium},
  pages={408--425},
  year={1974},
  organization={Springer}
}

@article{SeelyPL,
  title={Categorical semantics for higher order polymorphic lambda calculus},
  author={Seely, Robert AG},
  journal={The Journal of Symbolic Logic},
  volume={52},
  number={4},
  pages={969--989},
  year={1987},
  publisher={Cambridge University Press}
}

@article{Strachey,
  issn = {1388-3690},
  journal = {Higher-Order and Symbolic Computation},
  pages = {11--49},
  volume = {13},
  publisher = {Kluwer Academic Publishers},
  number = {1},
  year = {2000},
  title = {{Fundamental Concepts in Programming Languages}},
  language = {eng},
  address = {Boston},
  author = {Strachey, Christopher},
  keywords = {programming languages ; semantics ; foundations of computing ; CPL ; L-values ;   R-values ; parameter passing ; variable binding ; functions as data ; parametric   polymorphism ; ad hoc polymorphism ; binding mechanisms ; type completeness},
}

@article{SystemFVariableTypes,
  title={{The System F of variable types, fifteen years later}},
  author={Girard, Jean-Yves},
  journal={Theoretical computer science},
  volume={45},
  pages={159--192},
  year={1986},
  publisher={Elsevier}
}
