@article{Strachey,
  issn = {1388-3690},
  journal = {Higher-Order and Symbolic Computation},
  pages = {11--49},
  volume = {13},
  publisher = {Kluwer Academic Publishers},
  number = {1},
  year = {2000},
  title = {Fundamental Concepts in Programming Languages},
  language = {eng},
  address = {Boston},
  author = {Strachey, Christopher},
  keywords = {programming languages ; semantics ; foundations of computing ; CPL ; L-values ;   R-values ; parameter passing ; variable binding ; functions as data ; parametric   polymorphism ; ad hoc polymorphism ; binding mechanisms ; type completeness},
}

@article{FunctorialPolymorphism,
  title = "Functorial polymorphism",
  journal = "Theoretical Computer Science",
  volume = "70",
  number = "1",
  pages = "35 - 64",
  year = "1990",
  note = "Special Issue Fourth Workshop on Mathematical Foundations of Programming   Semantics, Boulder, CO, May 1988",
  issn = "0304-3975",
  doi = "https://doi.org/10.1016/0304-3975(90)90151-7",
  url = "http://www.sciencedirect.com/science/article/pii/0304397590901517",
  author = "E.S. Bainbridge and P.J. Freyd and A. Scedrov and P.J. Scott"
}

@InProceedings{ManyVariableFunctorialCalculus,
  author="Kelly, G. M.",
  editor="Kelly, G. M.
  and Laplaza, M.
  and Lewis, G.
  and Mac Lane, Saunders",
  title="Many-variable functorial calculus. I.",
  booktitle="Coherence in Categories",
  year="1972",
  publisher="Springer Berlin Heidelberg",
  address="Berlin, Heidelberg",
  pages="66--105",
  isbn="978-3-540-37958-4"
}


@InProceedings{DinaturalCompose,
  author =	{Guy McCusker and Alessio Santamaria},
  title =	{{On Compositionality of Dinatural Transformations}},
  booktitle =	{27th EACSL Annual Conference on Computer Science Logic  (CSL 2018)},
  pages =	{33:1--33:22},
  series =	{Leibniz International Proceedings in Informatics (LIPIcs)},
  ISBN =	{978-3-95977-088-0},
  ISSN =	{1868-8969},
  year =	{2018},
  volume =	{119},
  editor =	{Dan Ghica and Achim Jung},
  publisher =	{Schloss Dagstuhl--Leibniz-Zentrum fuer Informatik},
  address =	{Dagstuhl, Germany},
  URL =		{http://drops.dagstuhl.de/opus/volltexte/2018/9700},
  URN =		{urn:nbn:de:0030-drops-97006},
  doi =		{10.4230/LIPIcs.CSL.2018.33},
  annote =	{Keywords: Dinatural transformation, categorical logic, compositionality}
}

@inproceedings{FreeTheorems,
 author = {Wadler, Philip},
 title = {Theorems for Free!},
 booktitle = {Proceedings of the Fourth International Conference on Functional Programming   Languages and Computer Architecture},
 series = {FPCA '89},
 year = {1989},
 isbn = {0-89791-328-0},
 location = {Imperial College, London, United Kingdom},
 pages = {347--359},
 numpages = {13},
 url = {http://doi.acm.org/10.1145/99370.99404},
 doi = {10.1145/99370.99404},
 acmid = {99404},
 publisher = {ACM},
 address = {New York, NY, USA},
} 

@article{FreeImprovements,
  title={Improvements for free},
  author={Seidel, Daniel and Voigtl{\"a}nder, Janis},
  journal={arXiv preprint arXiv:1107.1203},
  year={2011}
}

@article{GeneralTransform,
  title = "A generalization of the functorial calculus",
  journal = "Journal of Algebra",
  volume = "3",
  number = "3",
  pages = "366 - 375",
  year = "1966",
  issn = "0021-8693",
  doi = "https://doi.org/10.1016/0021-8693(66)90006-8",
  url = "http://www.sciencedirect.com/science/article/pii/0021869366900068",
  author = "Samuel Eilenberg and G.M Kelly"
}

@article{DinaturalityInPERS,
  title={Dinaturality for free},
  author={Freyd, Peter J and Robinson, Edmund P and Rosolini, Giuseppe},
  journal={Applications of Categories in Computer Science},
  volume={177},
  pages={107--118},
  year={1992},
  publisher={Cambridge Univ. Press Cambridge}
}

@InProceedings{NaturalAsNormalForms,
  author="Girard, Jean-Yves and Scedrov, Andre and Scott, Philip J.",
  editor="Moschovakis, Yiannis N.",
  title="Normal Forms and Cut-Free Proofs as Natural Transformations",
  booktitle="Logic from Computer Science",
  year="1992",
  publisher="Springer New York",
  address="New York, NY",
  pages="217--241",
  isbn="978-1-4612-2822-6"
}

@article{PetriNetToLinear,
  title={From {Petri} nets to linear logic},
  author={Mart{\'\i}-Oliet, Narciso and Meseguer, Jos{\'e}},
  journal={Mathematical Structures in Computer Science},
  volume={1},
  number={1},
  pages={69--101},
  year={1991},
  publisher={Cambridge University Press}
}

@article{PetriNetAlgorithm,
  author = {Mayr, E.},
  title = {{An Algorithm for the General Petri Net Reachability Problem}},
  journal = {SIAM Journal on Computing},
  volume = {13},
  number = {3},
  pages = {441-460},
  year = {1984},
  doi = {10.1137/0213029},
  URL = {https://doi.org/10.1137/0213029},
  eprint = {https://doi.org/10.1137/0213029}
}

@article{ReachibilityNotElementary,
  title={{The Reachability Problem for Petri Nets is Not Elementary}},
  author={Czerwinski, Wojciech and Lasota, Slawomir and Lazic, Ranko and Leroux, Jerome and Mazowiecki, Filip},
  journal={arXiv preprint arXiv:1809.07115},
  year={2018}
}

@article{ReachibilityConditions,
  title={{A class of Petri nets that a necessary and sufficient condition for reachability is obtainable}},
  author={Hiraishi, Kunihiko and Ichikawa, Atsunobu},
  journal={Transactions of the Society of Instrument and Control Engineers},
  volume={24},
  number={6},
  pages={635--640},
  year={1988},
  publisher={The Society of Instrument and Control Engineers}
}

@article{SystemFVariableTypes,
  title={{The System F of variable types, fifteen years later}},
  author={Girard, Jean-Yves},
  journal={Theoretical computer science},
  volume={45},
  pages={159--192},
  year={1986},
  publisher={Elsevier}
}

@article{CurryHoward,
  title={The formulae-as-types notion of construction},
  author={Howard, William A},
  journal={To HB Curry: essays on combinatory logic, lambda calculus and formalism},
  volume={44},
  pages={479--490},
  year={1980}
}

@inproceedings{ReynoldsAbstraction1,
    author = {Reynolds, John C.},
    booktitle = {IFIP Congress},
    citeulike-article-id = {5457623},
    citeulike-linkout-0 = {ftp://ftp.cs.cmu.edu/user/jcr/typesabpara.pdf},
    citeulike-linkout-1 = {http://dblp.uni-trier.de/rec/bibtex/conf/ifip/Reynolds83},
    keywords = {classic-papers-fall09, rg-2005, rg-2009},
    pages = {513--523},
    posted-at = {2009-08-18 07:12:47},
    priority = {2},
    title = {{Types, Abstraction and Parametric Polymorphism}},
    url = {ftp://ftp.cs.cmu.edu/user/jcr/typesabpara.pdf},
    year = {1983}
}

@InProceedings{ReynoldsAbstraction2,
  author="Ma, QingMing and Reynolds, John C.",
  editor="Brookes, Stephen
  and Main, Michael
  and Melton, Austin
  and Mislove, Michael
  and Schmidt, David",
  title="Types, abstraction, and parametric polymorphism, part 2",
  booktitle="Mathematical Foundations of Programming Semantics",
  year="1992",
  publisher="Springer Berlin Heidelberg",
  address="Berlin, Heidelberg",
  pages="1--40",
  isbn="978-3-540-47194-3"
}

@inproceedings{DinaturalInSystemF, 
  author={J. d. Lataillade}, 
  booktitle={2009 24th Annual IEEE Symposium on Logic In Computer Science}, 
  title={{Dinatural Terms in System F}}, 
  year={2009}, 
  volume={}, 
  number={}, 
  pages={267-276}, 
  keywords={game theory;lambda calculus;dinaturality diagram;Church-style system F;Curry-  style system F;game semantics;lambda calculus;Logic;Computer science;Calculus;Character generation;Power engineering and energy;Dinaturality;Second-order logic;Game semantics;Parametricity}, 
  doi={10.1109/LICS.2009.30}, 
  ISSN={1043-6871}, 
  month={Aug}
}

@article{LogicToDinaturality,
  title = "Linear logic, coherence and dinaturality",
  journal = "Theoretical Computer Science",
  volume = "115",
  number = "1",
  pages = "3 - 41",
  year = "1993",
  issn = "0304-3975",
  doi = "https://doi.org/10.1016/0304-3975(93)90053-V",
  url = "http://www.sciencedirect.com/science/article/pii/030439759390053V",
  author = "Richard Blute"
}

@article{StructuralPolymorphism,
  title={Structural polymorphism},
  author={Freyd, Peter J.},
  journal={Theor. Comput. Sci.},
  volume={115},
  number={1},
  pages={107--129},
  year={1993}
}

@phdthesis{CanonicalDinatural,
  title={Dinatural transformations and polymorphic operators},
  author={Smith, Cameron C},
  year={1989},
  publisher={University of Illinois at Chicago},
  school={University of Illinois at Chicago}
}

@phdthesis{Petri,
    author = {{Carl Adam Petri}},
    title = {Kommunikation mit Automaten},
    school = {Universit√§t Hamburg},
    year = {1962},
    address = {},
    language = {ger},
}

@article{ReachabilityEXPSPACE,
  title={The reachability problem requires exponential space},
  author={Lipton, Richard},
  journal={Department of Computer Science. Yale University},
  volume={62},
  year={1976}
}

@inproceedings{ReachabilityUPPER,
  title={Demystifying reachability in vector addition systems},
  author={Leroux, J{\'e}r{\^o}me and Schmitz, Sylvain},
  booktitle={Logic in Computer Science (LICS), 2015 30th Annual ACM/IEEE Symposium on},
  pages={56--67},
  year={2015},
  organization={IEEE}
}

@inproceedings{ReynoldsPolyLambda,
  title={Towards a theory of type structure},
  author={Reynolds, John C},
  booktitle={Programming Symposium},
  pages={408--425},
  year={1974},
  organization={Springer}
}

@inproceedings{GirardPolyLambda,
  title={Une extension de l'interpretation de Godel a l'analyse et son application a l'elimination des coupures dans l'analyse et la theorie des types},
  author={Girard, J-Y},
  booktitle={Proc. 2nd Scandinavian Logic Symp.},
  pages={63--92},
  year={1971},
  organization={North-Holland}
}

@article{SeelyPL,
  title={Categorical semantics for higher order polymorphic lambda calculus},
  author={Seely, Robert AG},
  journal={The Journal of Symbolic Logic},
  volume={52},
  number={4},
  pages={969--989},
  year={1987},
  publisher={Cambridge University Press}
}
